@inproceedings{luo.sigmetrics18,
    author = "\underline{Yixin Luo} and Saugata Ghose and Yu Cai and Erich F. Haratsch and Onur Mutlu",
    title = "{Improving 3D NAND Flash Memory Lifetime by Tolerating Early Retention Loss and Process Variation}",
    booktitle = "to appear in SIGMETRICS",
    year = "2018",
}

@inproceedings{arash.isca18,
    author = "Arash Tavakkol and Mohammad Sadrosadati and Saugata Ghose and
    Jeremie Kim and \underline{Yixin Luo} and Yaohua Wang and Nika Mansouri Ghiasi
    and Lois Orosa and Juan G. Luna and Onur Mutlu",
    title = "{{FLIN}: Enabling Fairness and Enhancing Performance in Modern NVMe Solid State Drives}",
    booktitle = "ISCA",
    year = "2018",
}

@inproceedings{luo.hpca18,
    author = "\underline{Yixin Luo} and Saugata Ghose and Yu Cai and Erich F. Haratsch and Onur Mutlu",
    title = "{{HeatWatch}: Improving 3D {NAND} Flash Memory Device Reliability by Exploiting Self-Recovery and Temperature-Awareness}",
    booktitle = "HPCA",
    year = "2018",
}

@article{cai.procieee17,
    author = {Cai, Yu and Ghose, Saugata and Haratsch, Erich F and \underline{Yixin Luo} and Mutlu, Onur},
    title = "{Error Characterization, Mitigation, and Recovery in Flash-Memory-Based Solid-State Drives}",
    journal = "Proc. IEEE",
    month = "Sep.",
    year = "2017",
}

@inproceedings{cai.hpca17,
  title="{Vulnerabilities in MLC NAND Flash Memory Programming: Experimental Analysis, Exploits, and Mitigation Techniques}",
  author={Cai, Yu and Ghose, Saugata and \underline{Yixin Luo} and Mai, Ken and Mutlu, Onur and Haratsch, Erich F},
  booktitle={HPCA},
  year={2017},
}

@inproceedings{fukami.di17,
  title="{Improving the Reliability of Chip-Off Forensic Analysis of NAND Flash Memory Devices}",
  author={Fukami, Aya and Ghose, Saugata and \underline{Yixin Luo} and Cai, Yu and Mutlu, Onur},
  booktitle={DFRWS EU},
  year={2017},
  note="\textbf{Best Paper Award}",
}

@article{luo.arxiv17,
  title="{Using ECC DRAM to Adaptively Increase Memory Capacity}",
  author={\underline{Yixin Luo} and Ghose, Saugata and Li, Tianshi and Govindan, Sriram and Sharma, Bikash and Kelly, Bryan and Boroumand, Amirali and Mutlu, Onur},
  journal={arXiv preprint arXiv:1706.08870},
  year={2017},
}

@article{luo.jsac16,
    author = {\underline{Yixin Luo} and Ghose, Saugata and Cai, Yu and Haratsch, Erich F and Mutlu, Onur},
    title = "{Enabling Accurate and Practical Online Flash Channel Modeling for Modern MLC NAND Flash Memory}",
    journal = "IEEE JSAC",
    volume={34},
    number={9},
    pages={2294--2311},
    year={2016},
    publisher={IEEE}
}

@inproceedings{cai.hpca15,
    author = {Cai, Yu and \underline{Yixin Luo} and Haratsch, Erich F and Mai, Ken and Mutlu, Onur},
    title = "{Data Retention in MLC NAND Flash Memory: Characterization, Optimization, and Recovery}",
    booktitle = {HPCA},
    year = {2015},
    note = "\textbf{Best Paper Runner Up}",
}

@inproceedings{cai.dsn15,
  title="{Read Disturb Errors in MLC NAND Flash Memory: Characterization, Mitigation, and Recovery}",
  author={Cai, Yu and \underline{Yixin Luo} and Ghose, Saugata and Mutlu, Onur},
  booktitle={DSN},
  year={2015},
}

@inproceedings{luo.msst15,
    author = {\underline{Yixin Luo} and Cai, Yu and Ghose, Saugata and Choi, Jongmoo and Mutlu, Onur},
    title = "{WARM: Improving NAND Flash Memory Lifetime With Write-Hotness Aware Retention Management}",
    booktitle = "MSST",
    year = "2015",
}

@inproceedings{luo.dsn14,
    author = {\underline{Yixin Luo} and Govindan, Sriram and Sharma, Bikash and Santaniello, Mark and Meza, Justin and Kansal, Aman and Liu, Jie and Khessib, Badriddine and Vaid, Kushagra and Mutlu, Onur},
    title = "{Characterizing Application Memory Error Vulnerability to Optimize Datacenter Cost via Heterogeneous-Reliability Memory}",
    booktitle = "DSN",
    year = "2014",
}

@inproceedings{seshadri.micro13,
  title="{RowClone: Fast and Energy-Efficient In-DRAM Bulk Data Copy and Initialization}",
  author={Seshadri, Vivek and Kim, Yoongu and Fallin, Chris and Lee, Donghyuk and Ausavarungnirun, Rachata and Pekhimenko, Gennady and \underline{Yixin Luo} and Mutlu, Onur and Gibbons, Phillip B and Kozuch, Michael A and others},
  booktitle={MICRO},
  year={2013},
}

@inproceedings{meza.weed13,
  title="{A Case for Efficient Hardware/Software Cooperative Management of Storage and Memory}",
  author={Meza, Justin and \underline{Yixin Luo} and Khan, Samira and Zhao, Jishen and Xie, Yuan and Mutlu, Onur},
  booktitle={WEED},
  year={2013}
}

@article{raghavan.ieeemicro13,
  title="{Designing for Responsiveness with Computational Sprinting}",
  author={Raghavan, Arun and \underline{Yixin Luo} and Chandawalla, Anuj and Papaefthymiou, Marios and Pipe, Kevin P and Wenisch, Thomas F and Martin, Milo MK},
  journal={IEEE Micro},
  volume={33},
  number={3},
  pages={8--15},
  year={2013},
  publisher={IEEE}
}

@inproceedings{greathouse.asplos12,
  title="{A Case for Unlimited Watchpoints}",
  author={Greathouse, Joseph L and Xin, Hongyi and \underline{Yixin Luo} and Austin, Todd},
  booktitle={ASPLOS},
  year={2012},
}

@inproceedings{raghavan.hpca12,
  title="{Computational Sprinting}",
  author={Raghavan, Arun and \underline{Yixin Luo} and Chandawalla, Anuj and Papaefthymiou, Marios and Pipe, Kevin P and Wenisch, Thomas F and Martin, Milo MK},
  booktitle={HPCA},
  year={2012},
  note="\textbf{Best Paper Award}",
}