@inproceedings{luo.hpca18,
    author = "Yixin Luo and Saugata Ghose and Yu Cai and Erich F. Haratsch and Onur Mutlu",
    title = "{{HeatWatch}: Improving 3D {NAND} Flash Memory Device Reliability by Exploiting Self-Recovery and Temperature-Awareness}",
    booktitle = "HPCA",
    year = "2018",
}

@article{cai.procieee17,
    author = "Y. Cai and S. Ghose and E. F. Haratsch and Y. Luo and O. Mutlu",
    title = "{Error Characterization, Mitigation, and Recovery in Flash-Memory-Based Solid-State Drives}",
    journal = "Proc. IEEE",
    month = "Sep.",
    year = "2017",
}

@article{luo.jsac16,
    author = "Y. Luo and S. Ghose and Y. Cai and E. F. Haratsch and O. Mutlu",
    title = "{Enabling Accurate and Practical Online Flash Channel Modeling for Modern MLC NAND Flash Memory}",
    journal = "IEEE JSAC",
    month = "Sep.",
    year = "2016",
}

@inproceedings{cai.hpca15,
    author = "Y. Cai and Y. Luo and E. F. Haratsch and K. Mai and O. Mutlu",
    title = "{Data Retention in MLC NAND Flash Memory: Characterization, Optimization, and Recovery}",
    booktitle = "HPCA",
    year = "2015",
}

@inproceedings{luo.msst15,
    author = "Y. Luo and Y. Cai and S. Ghose and J. Choi and O. Mutlu",
    title = "{WARM: Improving NAND Flash Memory Lifetime With Write-Hotness Aware Retention Management}",
    booktitle = "MSST",
    year = "2015",
}

@inproceedings{luo.dsn14,
    author = "Luo, Y. and Govindan, S. and Sharma, B. and Santaniello, M. and Meza, J. and Kansal, A. and Liu, J. and Khessib, B. and Vaid, K. and Mutlu, O.",
    title = "{Characterizing Application Memory Error Vulnerability to Optimize Datacenter Cost via Heterogeneous-Reliability Memory}",
    booktitle = "DSN",
    year = "2014",
}

@inproceedings{raghavan.hpca12,
  title="{Computational Sprinting}",
  author={Raghavan, A. and Luo, Y. and Chandawalla, A. and Papaefthymiou, M. and Pipe, K. P. and Wenisch, T. F. and Martin, M. MK.},
  booktitle={HPCA},
  year={2012},
}